%XXXXXXXXXXXXXXXXXXXXXXXXXXXXXXXXXXXX

@article{greve2018blockchain,
  title={Blockchain e a Revolu{\c{c}}{\~a}o do Consenso sob Demanda},
  author={Greve, Fab{\'\i}ola and Sampaio, Leobino and ABIJAUDE, JW and COUTINHO, AA and VALCY, I and Queiroz, S{\'\i}lvio},
  journal={Livro de Minicursos do SBRC},
  volume={1},
  pages={1--52},
  year={2018}
}

@article{nakamoto2008bitcoin,
  title={Bitcoin: A peer-to-peer electronic cash system},
  journal={Citeseer},
  author={Nakamoto, Satoshi and others},
  year={2008},
  publisher={Working Paper}
}

@book{swan2015blockchain,
  title={Blockchain: Blueprint for a new economy},
  author={Swan, Melanie},
  year={2015},
  publisher={" O'Reilly Media, Inc."}
}


@article{michael2018blockchain,
  title={Blockchain Technology},
  author={MICHAEL, JW and COHN, ALAN and BUTCHER, JARED R},
  journal={The Journal},
  year={2018}
}

@misc{coindesk,
  author={Coindesk},
  title={State of Blockchain q1 2016: Blockchain Funding Overtakes Bitcoin},
  year={2016},
  howpublished={\url{https://www.coindesk.com/state-of-blockchain-q1-2016}},
  note={[Online; accessed 17-March-2019]} 
}

@article{zheng2016blockchain,
  title={Blockchain challenges and opportunities: A survey},
  author={Zheng, Zibin and Xie, Shaoan and Dai, Hong-Ning and Wang, Huaimin},
  journal={Work Pap.--2016},
  year={2016}
}

@book{narayanan2016bitcoin,
  title={Bitcoin and cryptocurrency technologies: A comprehensive introduction},
  author={Narayanan, Arvind and Bonneau, Joseph and Felten, Edward and Miller, Andrew and Goldfeder, Steven},
  year={2016},
  publisher={Princeton University Press}
}

@inproceedings{merkle1989certified,
  title={A certified digital signature},
  author={Merkle, Ralph C},
  booktitle={Conference on the Theory and Application of Cryptology},
  pages={218--238},
  year={1989},
  organization={Springer}
}

@misc{kostarev2017review,
  title={Review of blockchain consensus mechanisms},
  author={Kostarev, Gleb},
  year={2017},
  publisher={Waves Platform.[Consulta: 12 Julho, 2018]. Disponível em:< https://blog~…}
}

@article{lamport1982byzantine,
  title={The Byzantine generals problem},
  author={Lamport, Leslie and Shostak, Robert and Pease, Marshall},
  journal={ACM Transactions on Programming Languages and Systems (TOPLAS)},
  volume={4},
  number={3},
  pages={382--401},
  year={1982},
  publisher={ACM}
}

@inproceedings{mingxiao2017review,
  title={A review on consensus algorithm of blockchain},
  author={Mingxiao, Du and Xiaofeng, Ma and Zhe, Zhang and Xiangwei, Wang and Qijun, Chen},
  booktitle={2017 IEEE International Conference on Systems, Man, and Cybernetics (SMC)},
  pages={2567--2572},
  year={2017},
  organization={IEEE}
}

@misc{Bankrate2018,
  title={What is a blockchain?},
  author={Bankrate},
  year={2017},
  howpublished={\url{https://www.bankrate.com/glossary/b/blockchain/}},
  note={[Online; accessed 22-Julho-2019]}
}

@inproceedings{androulaki2018hyperledger,
  title={Hyperledger fabric: a distributed operating system for permissioned blockchains},
  author={Androulaki, Elli and Barger, Artem and Bortnikov, Vita and Cachin, Christian and Christidis, Konstantinos and De Caro, Angelo and Enyeart, David and Ferris, Christopher and Laventman, Gennady and Manevich, Yacov and others},
  booktitle={Proceedings of the Thirteenth EuroSys Conference},
  pages={30},
  year={2018},
  organization={ACM}
}

@misc{Comstor2018,
  title={Blockchain pública e privada qual a diferença?},
  author={Canal Comstor},
  year={2017},
  howpublished={\url{https://blogbrasil.comstor.com/blockchain-publica-e-privada-qual-a-diferenca}},
  note={[Online; accessed 22-Julho-2019]}
}

@book{bashir2018mastering,
  title={Mastering blockchain: Distributed ledger technology, decentralization, and smart contracts explained},
  author={Bashir, Imran},
  year={2018},
  publisher={Packt Publishing Ltd}
}

@book{antonopoulos2017mastering,
  title={Mastering Bitcoin: Programming the open blockchain},
  author={Antonopoulos, Andreas M},
  year={2017},
  publisher={" O'Reilly Media, Inc."}
}

@inproceedings{douceur2002sybil,
  title={The sybil attack},
  author={Douceur, John R},
  booktitle={International workshop on peer-to-peer systems},
  pages={251--260},
  year={2002},
  organization={Springer}
}

@inproceedings{cachin2016architecture,
  title={Architecture of the hyperledger blockchain fabric},
  author={Cachin, Christian},
  booktitle={Workshop on distributed cryptocurrencies and consensus ledgers},
  volume={310},
  pages={4},
  year={2016}
}

@article{cachin2017blockchain,
  title={Blockchain consensus protocols in the wild},
  author={Cachin, Christian and Vukoli{\'c}, Marko},
  journal={arXiv preprint arXiv:1707.01873},
  year={2017}
}

@article{abraham2017blockchain,
  title={The blockchain consensus layer and BFT},
  author={Abraham, Ittai and Malkhi, Dahlia and others},
  journal={Bulletin of EATCS},
  volume={3},
  number={123},
  year={2017}
}

@article{schneider1990implementing,
  title={Implementing fault-tolerant services using the state machine approach: A tutorial},
  author={Schneider, Fred B},
  journal={ACM Computing Surveys (CSUR)},
  volume={22},
  number={4},
  pages={299--319},
  year={1990},
  publisher={ACM}
}

@article{szabo1997idea,
  title={The idea of smart contracts},
  author={Szabo, Nick},
  journal={Nick Szabo’s Papers and Concise Tutorials},
  volume={6},
  year={1997}
}

@misc{wood2018secure,
  title={A Secure Decentralised Generalised Transaction Ledger},
  author={Wood, ETHEREUM},
  year={2018}
}
@article{kosbaa2016theblockchain,
  title={Theblockchain modelofcryptographyandprivacy preservingsmartcontracts},
  author={KOSBAA, MILLERA and others},
  journal={SecurityandPrivacy (SP), 2016IEEESymposiumon. IEEE},
  year={2016}
}

@article{christidis2016blockchains,
  title={Blockchains and smart contracts for the internet of things},
  author={Christidis, Konstantinos and Devetsikiotis, Michael},
  journal={Ieee Access},
  volume={4},
  pages={2292--2303},
  year={2016},
  publisher={Ieee}
}

@article{lu2017adaptable,
  title={Adaptable blockchain-based systems: A case study for product traceability},
  author={Lu, Qinghua and Xu, Xiwei},
  journal={IEEE Software},
  volume={34},
  number={6},
  pages={21--27},
  year={2017},
  publisher={IEEE}
}

@article{galvez2018future,
  title={Future challenges on the use of blockchain for food traceability analysis},
  author={Galvez, Juan F and Mejuto, JC and Simal-Gandara, J},
  journal={TrAC Trends in Analytical Chemistry},
  volume={107},
  pages={222--232},
  year={2018},
  publisher={Elsevier}
}

@article{litke2019blockchains,
  title={Blockchains for Supply Chain Management: Architectural Elements and Challenges Towards a Global Scale Deployment},
  author={Litke, Antonios and Anagnostopoulos, Dimosthenis and Varvarigou, Theodora},
  journal={Logistics},
  volume={3},
  number={1},
  pages={5},
  year={2019},
  publisher={Multidisciplinary Digital Publishing Institute}
}